@misc {InkAndSwitch2022AcademishVoice,
   url = {https://inkandswitch.notion.site/Academish-Voice-0d8126b3be5545d2a21705ceedb5dd45},
   title = {Academish Voice},
   author = {{Ink and Switch}},
   year = {2022},
}

@misc {Indeed202111ImportantSoft,
   url = {https://www.indeed.com/career-advice/career-development/software-developer-soft-skills},
   title = {11 Important Soft Skills for Software Developers},
   year = {2021},
   author = {{Indeed}},
}

@misc {Mei2018WhyDevelopersShould,
   url = {https://www.freecodecamp.org/news/why-developers-should-know-how-to-write-dc35aa9b71ab/},
   author = {Mei, Derek},
   year = {2018},
   title = {Why developers should know how to write},
}

@misc {Alton2020WhyEveryDeveloper,
   url = {https://www.computer.org/publications/tech-news/trends/why-every-developer-should-know-a-bit-of-technical-writing},
   author = {Alton, Larry},
   year = {2020},
   title = {Why Every Developer Should Know a Bit of Technical Writing},
}

@misc {GoogleTechnicalWriting,
   author = {Google},
   url = {https://developers.google.com/tech-writing},
   title = {Technical Writing},
}

@misc {OccidentalComps,
   url = {https://oxy.smartcatalogiq.com/2022-2023/Catalog/Academic-Information-and-Policies/Bachelor-of-Arts-Degree/Comprehensive-Requirement},
   year = {2022},
   title = {Comprehensive Requirement},
   author = {{Occidental College}},
}

@misc {WikiBook2022LaTeX,
   url = {https://en.wikibooks.org/wiki/LaTeX},
   year = {2022},
   title = {LaTeX WikiBook},
   author = {WikiBook},
}

@misc {Lambert2021MakefileTutorial,
   author = {Lambert, Chase},
   url = {https://makefiletutorial.com/},
   year = {2021},
   title = {Makefile Tutorial},
}

@misc {Overleaf2021LearnLaTeXIn,
   url = {https://www.overleaf.com/learn/latex/Learn_LaTeX_in_30_minutes},
   year = {2021},
   title = {Learn LaTeX in 30 minutes},
   author = {Overleaf},
}


@article {Xiang2023,
   title     = {Adversarial attacks against Windows PE malware detection: A survey of the state-of-the-art} ,
   author    = { Ling, Xiang and 
 Wu, Lingfei and Zhang, Jiangyu and
 Qu, Zhenqing and
 Deng, Wei and 
 Chen, Xiang and 
 Qian, Yaguan and
 Wu, Chunming and
 Ji, Shouling and
 Luo, Tianyue and
 Wu, Jingzheng and Wu, Yanjun},
   year      = {2023},
   month     = {May},
   journal   = {ELSEVIER},
   volume    = {128},
 
}


@inproceedings{Qi2022,
  author    = {Qi, Xuyan and 
 Tang Yonghe and
 Wang, Huanwei and
 Liu, Tieming and
Jing, Jing
},
  title     = {Adversarial Example Attacks Against Intelligent Malware Detection: A Survey},
  booktitle = {4th International Conference on Applied Machine Learning (ICAML)},
  year      = {2022},
  publisher = {IEEE},
  address   = {Changsha, China},
  doi       = { 10.1109/ICAML57167.2022.00068},
}

@article {Oprea2022,
   title     = {Poisoning Attacks Against Machine Learning: Can Machine Learning Be Trustworthy?} ,
   author    = {Oprea, Alina and  Singhal, Anoop and Vassilev, Apostol},
   year      = {2022},
   month     = {October},
   journal   = {IEEE},
   volume    = {55},
   pages     = {94-99},
}


@inproceedings{Kaushik2023,
  author    = {Kaushik, Nupur and Bhardwaj, Vinay and Singh Arri, Harwant},
  title     = {A Machine Learning-Based Survey Of Adversarial Attacks And Defenses In Malware Classification},
  booktitle = {2023 14th International Conference on Computing Communication and Networking Technologies (ICCCNT)},
  year      = {2023},
  publisher = {IEEE},
  address   = {Delhi, India},
  doi       = { 10.1109/ICCCNT56998.2023.10306555},
}
@misc {Costa2023,
   title     = {How Deep Learning Sees the World: A Survey on Adversarial Attacks & Defenses} ,
   author    = {Costa, Joana and  Roxo, Tiago and  Proenca,Hugo and Ì§Ricardo Morais Inacio, Pedro},
   year      = {2023},
   month     = {May},
   url = {https://arxiv.org/abs/2305.10862},
}

@article {Wang2022,
   title     = {Threats to Training: A Survey of Poisoning Attacks and Defenses on Machine Learning Systems} ,
   author    = {Wang, Zhibo and Ma, Jingjing and Wang, Xue and Hu Jiahui and Qin, Zhan and Kui, Ren},
   year      = {2022},
   month     = {December},
   journal   = {ACM},
   volume    = {55},
   pages     = {1-36},
}

@article {Alotaibi2023,
author    = {Alotaibi, Afnan and Rassam, Murad},
  title     = {Adversarial Machine Learning Attacks against Intrusion Detection Systems: A Survey on Strategies and Defense},
   year      = {2023},
   month     = {Janurary},
   journal   = {Future Internet},
   volume    = {15},
   pages     = {},
}



@article {Maiorca2019,
    author    = {Maiorca, Davide and Biggio, Battista and Giancinto, Giorgio},
    title     = {Towards Adversarial Malware Detection: Lessons Learned from PDF-based Attacks},
   year      = {2019},
   month     = {August},
   journal   = {ACM Computing Surveys (CSUR)},
   volume    = {52},
   pages     = {1-36},
}


@misc{Biggio2017,
  author    = {Biggio, Battista
, and Corona1, Igino
, and Maiorca1, Davide
, and Nelson, Blaine
, and Srndi, Nedim
, and  Laskov, Pavel
, and Giacinto1, Giorgio
, and Roli1, Fabio},
  title     = {Evasion Attacks against Machine Learning at Test Time},
  year      = {2017},
url = {https://arxiv.org/abs/1708.06131},
 
}



@misc{Biggio2014,
  author    = {Biggio, Battista
and Corona, Igino
and  Nelson, Blaine
and Rubinstein, Benjamin
and Maiorca, Davide
and Fumera, Giorgio
and Giacinto, Giorgio
and Roli, Fabio},
  title     = {Security Evaluation of Support Vector Machines in Adversarial Environments},

  year      = {2014},
url = {https://arxiv.org/abs/1401.7727},
}


@inproceedings{Srndic2014,
  author    = {Srndic, Nedim and Laskov, Pavel},
  title     = {Practical Evasion of a Learning-Based Classifier: A Case Study},
  booktitle = {2014 IEEE Symposium on Security and Privacy},
  year      = {2014},
  publisher = { IEEE},
  address   = {Berkeley, CA, USA},
  doi       = { 10.1109/SP.2014.20},
}


@inproceedings{Maiorca2013,
  author    = {Maiorca, Davide and Corona, Igino and Giacinto, Giorgio},
  title     = {Looking at the bag is not enough to find the bomb: an evasion of structural methods for malicious PDF files detection},
  booktitle = {ASIA CCS '13: Proceedings of the 8th ACM SIGSAC symposium on Information, computer and communications security},
  year      = {2013},
  publisher = {ACM},
  address   = {New York, NY, United States},
  doi       = {https://doi.org/10.1145/2484313.2484327},
}

@misc{MalwareBazaar,
  author = {ABUSE},
  title = {Title of the Webpage},
  url = {https://bazaar.abuse.ch/},
  note = {Accessed: 2025-03-10}
}

@misc{VirusTotal,
  author = {VirusTotal},
  url = {https://www.virustotal.com/gui/home/upload},
  note = {Accessed: 2025-03-10}
}

@misc{TREND,
  author = {TREND},
  url = {https://www.trendmicro.com/vinfo/us/threat-encyclopedia/web-attack/15/adobe-reader-and-acrobat-cve20094324-vulnerability},
  note = {Accessed: 2025-03-10}
}

@misc{RSMBlog,
  author = {TREND},
  year = {2012},
  url = {http://blog.rsmoorthy.net/2012/01/},
  note = {Accessed: 2025-03-10},
}

@misc{Rando2024,
  author    = {Rando, Marco and Demetrio, Luca and Rosasco, Lorenzo and Roli, Fabio},
  title     = {A New Formulation for Zeroth-Order Optimization of Adversarial EXEmples in Malware Detection},
  year      = {2024},
url = {https://arxiv.org/abs/2405.14519},
}

@misc{Huan2020,
  author    = {Huan, ZhaoXin and Wang, Yulong and Zhang,Xiaolu and  Shang,Lin and Fu, Chilin and Zhou,Jun},
  title     = {Data-Free Adversarial Perturbations for Practical Black-Box Attack},
  year      = {2020},
url = {https://arxiv.org/abs/2003.01295},
}

@inproceedings{Rizvi2022,
  author    = {Rizvi,Syed and Fraz, Muhammad},
  title     = {An Efficient Adversarial Defiance Towards Malware Detection System (MDS)},
  booktitle = {2022 IEEE 19th International Conference on Smart Communities: Improving Quality of Life Using ICT, IoT and AI (HONET)},
  year      = {2022},
  publisher = {IEEE},
  address   = {Marietta, GA, USA},
  doi       = { 10.1109/HONET56683.2022.10019076},
}

@misc {PeePDF,
   url = {https://eternal-todo.com/tools/peepdf-pdf-analysis-tool},
   author = {Jose Miguel Esparza},
}